@article{burman1994cross,
  title={A cross-validatory method for dependent data},
  author={Burman, Prabir and Chow, Edmond and Nolan, Deborah},
  journal={Biometrika},
  volume={81},
  number={2},
  pages={351--358},
  year={1994},
  publisher={Oxford University Press}
}

@article{racine2000consistent,
  title={Consistent cross-validatory model-selection for dependent data: hv-block cross-validation},
  author={Racine, Jeff},
  journal={Journal of econometrics},
  volume={99},
  number={1},
  pages={39--61},
  year={2000},
  publisher={Elsevier}
}

@book{Lutkepohl,
  title={Structural Vector Autoregressive Analysis},
  author={LÃ¼tkepohl, Helmut},
  year={2017},
  publisher={Cambridge University Press}
} 