@article{Arach_Chand_Luke_Robert_2022,
  title={Robust analogs to the coefficient of variation},
  author={Arachchige, Chandima NPG, Luke A Prendergast, Robert G Staudte},
  journal={Journal of Applied Statistics},
  year={2022},
  volume={49},
  number={2},
  pages={268--90}
}
@book{Banguat_2024_2025,
  author = {{Banco de Guatemala}},
  title = {Evaluación de la política monetaria, cambiaria y crediticia, a noviembre de 2024, y perspectivas económicas para 2025},
  year = {2024},
  Publisher = {Banco de Guatemala},
  url = {https://banguat.gob.gt/sites/default/files/banguat/Publica/comunica/eva_pol_mon_dic2024.pdf},
  pages = {104--5}
}
@article{Bergmeir_Benitez_2012,
    title={On the use of cross-validation for time series predictor evaluation},
    author={Bergmeir, Christian and Benitez, Jose M},
    year={2012},
    journal = {Information Sciences},
    volume = {191},
    pages = {192--213}
}
@book{killian_Lutke_2017,
    title={Structural Vector Autoregressive Analysis},
    author={{Lutz Kilian} {Helmut Lütkepohl}},
    year={2017},
    publisher={Cambridge}
}
@article{Racine_2000,
    title={Consistent cross-validatory model-selection for dependent data: hv-block cross-validation},
    author={Racine, Jeffrey},
    year={2000},
    journal={Journal of Econometrics},
    volume={99},
    pages={39--61}
    }